@ARTICLE{michaelb,
author = {Michael, Armbrust and Reynold, S. Xin and Cheng, Lian and Yin, Huai and Davies, Liu and Joseph, K.Bradley and Xiangrui, Meng and Tomer, Kaftan and Michael, J. Franklin and Ali, Ghodsi and Matei, Zaharia},
title={{Spark SQL: Relational Data Processing in Spark}},
booktitle = {ACM SIGMOD},
year = {2015}
}

@ARTICLE{matei,
author = {Matei, Zaharia and Mosharaf, Chowdhury and Tathagata, Das and Ankur, Dave and Justin, Ma and Murphy, McCauley and Michael, J. Franklin and Scott, Shenker and Ion, Stoica},
title={{Resilient Distributed Datasets: A Fault-Tolerant Abstraction for In-Memory Cluster Computing}},
booktitle = {NSDI},
year = {2012}
}
@inproceedings{Nykiel2010,
author = {Nykiel, Tomasz and Potamias, Michalis and Mishra, Chaitanya and Kollios, George and Koudas, Nick},
booktitle = {PVLDB},
title = {{MRS}hare: sharing across multiple queries in {M}ap{R}educe},
year = {2010}
}

@INPROCEEDINGS{Dean2004,
  author = {Dean, Jeffrey and Ghemawat, Sanjay},
  title = {{MapReduce : Simplified Data Processing on Large Clusters}},
  booktitle = {ACM OSDI},
  year = {2004}
}

@INPROCEEDINGS{Gates2009,
  author = {Gates, AF and Natkovich, Olga and Chopra, Shubham},
  title = {Building a high-level dataflow system on top of {M}ap-{R}educe: the
	{P}ig experience},
  year = {2009}
}

@INPROCEEDINGS{Olston,
  author = {Olston, Christopher and Reed, Benjamin and Srivastava, U.},
  title = {{Pig latin: a not-so-foreign language for data processing}},
  booktitle = {ACM SIGMOD},
  year = {2008}
}

@BOOK{White2012,
  title = {Hadoop - The Definitive Guide: Storage and Analysis at {I}nternet
	Scale},
  publisher = {O'Reilly},
  year = {2012},
  author = {White, T},
  file = {:Users/phan/Dropbox/PhD/papers/White - 2012 - Hadoop - The Definitive Guide Storage and Analysis at Internet Scale.pdf:pdf}
}

@MISC{khoa,
authorOPT = {Nguyen, TK},
title = {\url{http://www.trongkhoanguyen.com/2015/09/work-sharing-famework-for-apache-spark-introduction.html}},
owner = {michiard},
timestamp = {2015.09.09}
}

@MISC{hadoop,
  authorOPT = {{~}},
  title = {\url{http://hadoop.apache.org}},
  owner = {michiard},
  timestamp = {2013.12.06}
}

@MISC{pigmqo,
  authorOPT = {{~}},
  title = {\url{http://wiki.apache.org/pig/PigMultiQueryPerformanceSpecification}},
  owner = {michiard},
  timestamp = {2013.12.06}
}

@MISC{hive,
  authorOPT = {{~}},
  title = {\url{http://hive.apache.org}},
  owner = {michiard},
  timestamp = {2013.12.06}
}

@MISC{pig,
  authorOPT = {{~}},
  title = {\url{http://pig.apache.org}},
  owner = {michiard},
  timestamp = {2013.12.06}
}

@MISC{spark,
  authorOPT = {{~}},
  title = {\url{http://spark.apache.org}},
  owner = {michiard},
  timestamp = {2013.12.06}
}

@ARTICLE{sellis1988,
author = {Sellis, T.K},
title = {{Multiple-query optimization}},
booktitle = {TODS},
year = {1988}
}

@INPROCEEDINGS{bayir2007,
author = {Bayir, M.A and Toroslu, I.H and Cosar, A},
title = {{Genetic algorithm for the multiple query optimization problem}},
booktitle = {IEEE Transactions on Systems, Man, and Cybernetics},
year = {2007}
}

@INPROCEEDINGS{cosar1993,
author = {Cosar, A. and Lim, E.P and Srivastava, J},
title = {{Multiple query optimization with depth first branch-and-bound and dynamic query ordering}},
booktitle = {In Proceedings of the second international conference on Information and knowledge management},
year = {1993}
}

@ARTICLE{ashish2009,
author = {Ashish, Thusoo and Joydeep, Sen Sarma and Namit, Jain and Zheng, Shao and Prasad, Chakka and Sureshm, Anthony and Hao, Liu and Pete, Wyckoff and Raghotham, Murthy},
title = {{Hive - A Warehousing Solution Over a MapReduce Framework}},
booktitle = {VLDB},
year = {2009}
}

@ARTICLE{georgios2012,
author = {Georgios, Giannikis and Gustavo, Alonso and Donald, Kossmann},
title = {{SharedDB: Killing One Thousand Queries With One Stone}},
booktitle = {VLDB},
year = {2012}
}

@ARTICLE{stavros2005,
  author = {Stavros, Harizopoulos and Vladislav, Shkapenyuk and Anastassia, Ailamaki},
  title = {{QPipe: A Simultaneously Pipelined Relational Query Engine}},
  booktitle = {ACM SIGMOD},
  year = {2005}
}

@ARTICLE{nikiel2010,
author = {Nikiel, T et al},
title = {{MRShare: Sharing across multiple queries in MapReduce}},
booktitle = {VLDB},
year = {2010}
}

@ARTICLE{olston2011,
author = {Olston, C et al},
title = {{CoScan: Cooperative Scan Sharing in the Cloud}},
booktitle = {SOCC},
year = {2011}
}

@ARTICLE{michael2007,
author = {Michael, Isard and Mihai, Budiu and Yuan, Yu and Andrew, Birrell and Dennis, Fetterly},
title = {{Dryad: Distributed Data-Parallel Programs from Sequential Building Blocks}},
booktitle = {Eurosys},
year = {2007}
}

@ARTICLE{kay2015,
author = {Kay, Ousterhout and Ryan, Rasti and Sylvia, Ratnasamy and Scott, Shenker and Byung-Gon, Chun},
title = {{Making Sense of Performance in Data Analytics Frameworks}},
booktitle = {NSDI},
year  = {2015}
}